@book{Java,
  Author = {William Loftus John Lewis},
  Title = {Java Software Solutions Foundations of Program Design},
  Publisher = {Pearson},
  Year = {2011},
  ISBN = {0273751476},
}
@book{Larman,
  Author = {Craig Larman},
  Title = {Applying UML and Patterns: An Introduction to Object-Oriented Analysis and Design and Iterative Development (3rd Edition)},
  Publisher = {Prentice Hall},
  Year = {2004},
  ISBN = {0131489062},
}
\item http://en.wikipedia.org/wiki/Serviceability_(computer)
@online{ WikiGRASP,
   author = "Wikipedia",
   title = "GRASP --- Wikipedia{,} The Free Encyclopedia",
   year = "2013",
   url = "\url{http://en.wikipedia.org/wiki/GRASP\_(object-oriented\_design)}",
   note = "[Online; accessed 16-November-2013]"
 }
 @online{ WikiFURPS,
   author = "Wikipedia",
   title = "FURPS --- Wikipedia{,} The Free Encyclopedia",
   year = "2013",
   url = "\url{http://en.wikipedia.org/wiki/FURPS}",
   note = "[Online; accessed 16-November-2013]"
 }
 @online{ WikiFunctional,
   author = "Wikipedia",
   title = "Functional Requirements --- Wikipedia{,} The Free Encyclopedia",
   year = "2013",
   url = "\url{http://en.wikipedia.org/wiki/Functional_requirements}",
   note = "[Online; accessed 16-November-2013]"
 }
 @online{ WikiUsabillity,
   author = "Wikipedia",
   title = "Usabillity --- Wikipedia{,} The Free Encyclopedia",
   year = "2013",
   url = "\url{http://en.wikipedia.org/wiki/Usability}",
   note = "[Online; accessed 16-November-2013]"
 }
 @online{ WikiReliability,
   author = "Wikipedia",
   title = "Reliability --- Wikipedia{,} The Free Encyclopedia",
   year = "2013",
   url = "\url{http://en.wikipedia.org/wiki/Reliability_engineering}",
   note = "[Online; accessed 16-November-2013]"
 }
 @online{ WikiPerformance,
   author = "Wikipedia",
   title = "Performance --- Wikipedia{,} The Free Encyclopedia",
   year = "2013",
   url = "\url{http://en.wikipedia.org/wiki/Computer_performance}",
   note = "[Online; accessed 16-November-2013]"
 }
 @online{ WikiService,
   author = "Wikipedia",
   title = "Service --- Wikipedia{,} The Free Encyclopedia",
   year = "2013",
   url = "\url{http://en.wikipedia.org/wiki/Serviceability_(computer)}",
   note = "[Online; accessed 16-November-2013]"
 }
 @misc{19del1,
  title = {19_del1},
  author = {Gruppe 19},
  organization = {DTU},
  year = {2013},
  month = {10}
}
 @misc{19del2,
  title = {19_del2},
  author = {Gruppe 19},
  organization = {DTU},
  year = {2013},
  month = {11}
}
 @misc{CDIO3,
  title = {CDIO opgave 3 (Version 12)},
  author = {IOOuterActive},
  organization = {IOOuterActive},
  year = {2013},
  month = {11}
}